@misc{github_docs,
  title = {GitHub Documentation},
  howpublished = {\url{https://docs.github.com}},
  note = {Acessado em: 2025}
}

@misc{git_docs,
  title = {Git Documentation},
  howpublished = {\url{https://git-scm.com/doc}},
  note = {Acessado em: 2025}
}

@misc{winget_docs,
  title = {Windows Package Manager Documentation},
  howpublished = {\url{https://docs.microsoft.com/en-us/windows/package-manager/}},
  note = {Acessado em: 2025}
}
@misc{microsoft_winget,
  author       = {Microsoft},
  title        = {Gerenciador de Pacotes do Windows ({winget})},
  year         = {2025},
  howpublished = {\url{https://learn.microsoft.com/pt-br/windows/package-manager/winget/}},
  note         = {Acesso em: 8 out. 2025},
}
@misc{adorno_commits,
  author       = {Renato Adorno},
  title        = {Padrões de Commits ({Commit Patterns})},
  year         = {2021},
  howpublished = {\url{https://dev.to/renatoadorno/padroes-de-commits-commit-patterns-41co}},
  note         = {Acesso em: 8 out. 2025},
}

@misc{iuricode_commits,
  author       = {Iuricode},
  title        = {Padrões de Commits},
  year         = {2023},
  howpublished = {\url{https://github.com/iuricode/padroes-de-commits}},
  note         = {Repositório GitHub. Acesso em: 8 out. 2025},
}